@article{bauer1993word,
  title={Word families},
  author={Bauer, Laurie and Nation, Paul},
  journal={International journal of Lexicography},
  volume={6},
  number={4},
  pages={253--279},
  year={1993},
  publisher={Oxford University Press}
}

@article{brysbaert2009moving,
  title={Moving beyond Ku{\v{c}}era and Francis: A critical evaluation of current word frequency norms and the introduction of a new and improved word frequency measure for American English},
  author={Brysbaert, Marc and New, Boris},
  journal={Behavior research methods},
  volume={41},
  number={4},
  pages={977--990},
  year={2009},
  publisher={Springer}
}

@book{Gusfield:97,
    author  = {Dan Gusfield},
    title   = {Algorithms on Strings, Trees and Sequences},
    year    = "1997",
    publisher = {Cambridge University Press},
    address = {Cambridge, UK}
}
